@unpublished{relPC1,
  title={Assistente Pessoal Controlado por Voz - Ponto de Controle 1},
  author={Guimarães, João and Sousa, Ingrid},
  organization={University of Brasília},
  month= September,
  year = 2017,
  note={},
}
@manual{lm2596,
	title={LM2596 Simple Switcher Power Converter},
	organization={Texas Instruments},
	month=May,
	year = 2016,
}

@manual{lm317,
	title={LM317 3-Terminal Adjustable Regulator},
	organization={Texas Instruments},
	month=Sep,
	year = 2016,
}

@misc{powerAmplifier,
  author = {Unkown},
  title = {GPIO: Raspberry Pi A and B},
  year = 2016,
  url = {http://www.instructables.com/id/10W-RMS-Audio-amplifier/},
  urldate = {2017-10-05}
}

@misc{gpio,
  author = {Unkown},
  title = {GPIO: Raspberry Pi A and B},
  year = 2016,
  url = {https://www.raspberrypi.org/documentation/usage/gpio/},
  urldate = urldate = {2017-10-05}
}

@misc{magpi,
  author = {MagPiMagazine},
  title = {Raspberry Pi},
  year = 2016,
  url = {https://www.raspberrypi.org/magpi/raspberry-pi-3-specs-benchmarks/},
  urldate = {2017-09-06}
}

@article{haro2014low,
  title={Low-cost speaker and language recognition systems running on a Raspberry Pi},
  author={Haro, Luis Fernando D and Cordoba, Ricardo and Rivero, Jose Ignacio Rojo and de la Fuente, Jorge Diez and Peces, Diego Avendano and Mera, Jose Maria Bermudo},
  journal={IEEE Latin America Transactions},
  volume={12},
  number={4},
  pages={755--763},
  year={2014},
  publisher={IEEE}
}

@misc{pi3,
  author = {Adafruit},
  title = {Raspberry Pi 3},
  year = 2017,
  url = {http://media.rs-online.com/t_large/F8111284-01.jpg},
  urldate = {2017-09-06}
}

@article{idosos,
  title={A contribui{\c{c}}{\~a}o da automa{\c{c}}{\~a}o residencial na solu{\c{c}}{\~a}o de problemas de acessibilidade no cotidiano do idoso},
  author={Souza, Sandro Ferreira de and others},
  year={2015},
  publisher={Universidade Federal de Vi{\c{c}}osa}
}

@misc{dadosIBGE,
  author = {IBGE},
  title = {Censo Demogr{\'a}fico},
  year = 2010,
  url = {http://www.censo2010.ibge.gov.br},
  urldate = {2017-09-05}
}

@misc{echo,
  author = {Amazon},
  title = {Echo \& Alexa},
  year = 2016,
  url = {https://www.amazon.com/Amazon-Echo-Bluetooth-Speaker-with-WiFi-Alexa/dp/B00X4WHP5E},
  urldate = {2017-09-05}
}

@article{assistant,
  title={Voice Controlled Personal Assistant using Raspberry Pi},
  author={Nagpal, Akshay},
  year={2016}
}


@misc{spl,
  author = {Engineering Tool Box},
  title = {Sound Pressure},
  year = 2017,
  url = {http://www.engineeringtoolbox.com/sound-pressure-d_711.html},
  urldate = {2017-09-05}
}
